<?xml version="1.0" encoding="UTF-8"?><collection xmlns="http://www.loc.gov/MARC21/slim"><record><leader>00368nam--2200121-i-4500</leader><controlfield tag="001">000021545</controlfield><controlfield tag="002">20161230</controlfield><controlfield tag="005">20161230201034</controlfield><controlfield tag="008">060222s1000------------r-----000-0-eng-d</controlfield><datafield ind1=" " ind2=" " tag="100"><subfield code="a">Jeffreys, Harold</subfield></datafield><datafield ind1=" " ind2=" " tag="245"><subfield code="a">The earth, its origin, history and physical constitution. third edition</subfield></datafield><datafield ind1=" " ind2=" " tag="260"><subfield code="a">Cambridge, University Press, 1952, Xi + 392p., 30 Fig., X Pl</subfield></datafield><datafield ind1=" " ind2=" " tag="852"><subfield code="a">3242</subfield></datafield></record></collection>